@article{Arakawa1977,
  author = {Arakawa, A. and Lamb, V. R.},
  doi = {10.1016/B978-0-12-460817-7.50009-4},
  journal = {Methods in Computational Physics},
  pages = {173-265},
  title = {Computational design of the basic dynamical processes of the UCLA general circulation model},
  volume = 17,
  year = 1977
}

@article{Becker2009,
  author = {Becker, J. J. and Sandwell, D. T. and Smith, W. H. F. and Braud, J. and Binder, B. and Depner, J. and Fabre, D. abd  Factor, J. and Ingalls, S. and Kim, S. -H. and Ladner, R. and Marks, K. and Nelson, S. and Pharaoh, A. and Trimmer, R. and Von Rosenberg, J. and Wallace, G. and Weatherall, P. },
  journal = {Marine Geodesy},
  pages = {355-371},
  title = {Global Bathymetry and Elevation Data at 30 Arc Seconds Resolution: SRTM30 PLUS},
  volume = 55,
  number = 4,
  year = 2009
}

@article{Amante2009,
  author = {Amante, C. and Eakins, B. W.},
  journal = {NOAA Techinal Memorandum NESDIS NGDC},
  pages = {19},
  title = {ETOPO-1 1 Arc-Minute Global Relief Model: Procedures, Data Source and Analysis.},
  volume = 24,
  year = 2009
}

@article{Lima2019,
  author = {Lima, L. N. and Pezzi, L. P. and Penny, S. G. and Tanajura, C. A. S.},
  journal = {Journal of Geophysical Research: Oceans},
  pages = {432-452},
  title = {An Investigation of Ocean Model Uncertainties Through Ensemble Forecast Experiments in the Southwest Atlantic Ocean},
  volume = 120,
  year = 2019
}


@article{Overland1988,
  author = {Overland, J. E. and Pease, C. H.},
  journal = {Journal of Geophysical Research},
  pages = {619-637},
  title = {Modeling ice dynamics of coastal seas.},
  volume = 96,
  year = 1988
}


@article{Carton2018,
  author = {Carton, J. A. and Chepurin, G. A. and Chen, L.},
  journal = {Journal of Geophysical Research},
  pages = {6967-6983},
  title = {SODA3: a new ocean climate reanalysis},
  volume = 123,
  doi = {10.1175/JCLI-D-18-0149.1},
  year = 2009
}

@article{Endo2019,
  author = {Endo, C. A. K. and Gherardi, D. F. M. and Pezzi, L. P. and Lima, L. N.},
  journal = {Nature Scientific Reports},
  pages = {01-11},
  title = {Low connectivity compromises the conservation of reef fishes by marine protected areas in the tropical South Atlantic},
  doi = {10.1038/s41598-019-45042-0},
  year = 2019
}

@article{Fernandez2018,
  author = {Fernandez, E. and Lellouche, J. M.},
  journal = {Copernicus Product User Manual},
  pages = {1-15},
  title = {Product User Manual for the Global Ocean Physcal Reanalysis Product GLORYS12V1},
  volume = 4,
  year = 2018
}

@article{Budgell2005,
  author = {Budgell, W. P.},
  doi = {10.1007/s10236-005-0008-3},
  journal = {Ocean Dynamics},
  pages = {370-387},
  title = {Numerical simulation of ice-ocean variability in the Barents Sea region},
  volume = 55,
  year = 2005
}

@article{Booij1999,
  author = {Booij, N. and Ris, R. C. and Holthuijsen, L. H.},
  doi = {10.1029/98JC02622},
  journal = {Journal of Geophysical Research: Oceans},
  number = {C4},
  pages = {7649--7666},
  title = {A third-generation wave model for coastal regions: 1. Model description and validation},
  url = {http://dx.doi.org/10.1029/98JC02622},
  volume = 104,
  year = 1999
}

@PHDTHESIS {Zambom2009,
    author = "Zambom, J. B.",
    title  = "An Examination of Tropical Cyclone Dynamics Utilizing the 3-Way Coupled Ocean Atmosphere Wave Sediment Transport (COAWST) Model",
    school = "Faculty of North Carolina State University",
    adress = "Raleigh, NC",
    type = {Dissertação de Mestrado},
    year   = "2009"
}

@PHDTHESIS {Gouveia2015,
    author = "Gouveia, M. B.",
    title  = "A influência dos processos de circulação oceânica nos extremos de produção comercial da Sardinha Verdadeira",
    school = "Sensoriamento Remoto, Instituto Nacional de Pesquisas Espaciais",
    year   = "2015",
    address = {São José dos Campos, SP},
    type = {Dissertação de Mestrado}
}

@Book{SutilPezz::GuPrUt,
               author = "Sutil, Ueslei Adriano and Pezzi, Luciano Ponzi",
                title = "Guia pr{\'a}tico para utiliza{\c{c}}{\~a}o do COAWST",
            publisher = "Instituto Nacional de Pesquisas Espaciais",
              address = "S{\~a}o Jos{\'e} dos Campos",
                label = "self-archiving-INPE-MCTIC-GOV-BR",
             language = "pt",
                  url = "http://urlib.net/sid.inpe.br/mtc-m21c/2018/09.13.17.45",
           targetfile = "Guia_COAWST_Ueslei.pdf",
        urlaccessdate = "13 set. 2018"
}

@PHDTHESIS {Dasilva2013,
    author = "{Silva}, P. E. D.",
    title  = "Caracterização do padrão de ondas na costa do Brasil por meio de modelagem numérica",
    school = "Meteorologia, Instituto Nacional de Pesquisas Espaciais",
    year   = "2013",
    type = {Dissertação de Mestrado},
    address = {São José dos Campos, SP}
}

@article{Haidvogel2008,
  author = {Haidvogel, D. B. and Arango, H. G. and Budgell, W. P. and Cornuelle, B. D. and Curchitser, E. and Lorenzo, E. and Fennel, K and Geyer, W. R. and Hermann, A. J. and Lanerolle, L. and Levin, J. and McWilliams, J. C. and Miller, A. J. and Moore, A. M. and Powell, T. M. and Shchepetkin, A. F. and Sherwood, C. R. and Signell, R. P. and Warner, J. C. and Wilkin, J.},
  doi = {10.1016/j.jcp.2007.06.016},
  journal = {J. Comput. Physics},
  number = 7,
  pages = {3595-3624},
  timestamp = {2013-08-13T13:05:26.000+0200},
  title = {Ocean forecasting in terrain-following coordinates: Formulation and skill assessment of the Regional Ocean Modeling System.},
  volume = 227,
  year = 2008
}


@article{Fairall2003,
  author = {Fairall, C. W. and Bradley, E. F. and Hare, J. E. and Grachev, A. A. and Edson, J. B.},
  doi = {10.1175/1520-0442(2003)016<0571:BPOASF>2.0.CO;2},
  journal = {Journal of Climate},
  keywords = {},
  number = 4,
  pages = {571--591},
  title = {{Bulk Parameterization of AirâSea Fluxes: Updates and Verification for the COARE Algorithm}},
  volume = 16,
  year = 2003
}

@article{Jacob2005,
  author = {Jacob, R. L. and Larson, J. W. and Ong, E. T.},
  doi = {10.1177/1094342005056116},
  journal = {IJHPCA},
  number = 3,
  pages = {293-307},
  title = {M x N Communication and Parallel Interpolation in Community Climate System Model Version 3 Using the Model Coupling Toolkit.},
  volume = 19,
  year = 2005
}


@article{Larson2005,
  author = {Larson, J. W. and Jacob, R. L. and Ong, E. T.},
  doi = {10.1177/1094342005056115},
  journal = {IJHPCA},
  number = 3,
  pages = {277-292},
  title = {The Model Coupling Toolkit: A New Fortran90 Toolkit for Building Multiphysics Parallel Coupled Models.},
  url = {http://dblp.uni-trier.de/db/journals/ijhpca/ijhpca19.html#LarsonJO05},
  volume = 19,
  year = 2005
}


@article{Shchepetkin2005,
  author = {Shchepetkin, A. F. and McWilliams, J. C.},
  doi = {10.1016/j.ocemod.2004.08.002},
  journal = {Ocean Modelling},
  pages = {347-404},
  title = {{The regional oceanic modeling system (ROMS): a split-explicit, free-surface, topography-following-coordinate oceanic model}},
  volume = 9,
  year = 2005
}

@article{Sutil2019,
  author = {Sutil, U. A and Pezzi, L. P. and Alves, R. C. M. and Nunes, A. B.},
  doi = {10.11137/2019_1_525_535},
  journal = {Anuário do Instituto de Geociências - UFRJ},
  pages = {525-535},
  title = {{Ocean-Atmosphere Interactions in an Entratropical Cyclone in the Southwest Atlantic}},
  volume = 42-1,
  year = 2018
}

@article{Sutil2018,
  author = {Sutil, U. A and Pezzi, L. P.},
  doi = {10.13140/RG.2.2.31726.87363},
  journal = {National Institute for Space Research},
  pages = {01-91},
  title = {{Guia Prático para Utilização do COAWST}},
  volume = 1,
  year = 2018
}


@ARTICLE {Booij1996,
    author  = "Booij, N. and Holthuijsen, L. H. and Ris, R. C.",
    title   = "The SWAN Wave Model for Shallow Water",
    journal = "Coastal Engineering Proceedings",
    year    = "1996",
    number  = 25,
    pages   = {668-675},
    doi     = {10.9753/icce.v25.%25p}
}

@misc{Trond2019,
  author = "Kristiansen, T.",
  title = {Model2roms Python Toolbox for ROMS},
  howpublished = {\url{https://github.com/trondkr/model2roms}},
  note = {Accessed: 2019-09-25},
  year = 2019
}

@ARTICLE {Jones1999,
    author  = "Jones, P. W.",
    title   = "First and Second Order Conservative Remapping Schemes for Grids in Spherical Coordinates",
    journal = "Monthly Weather Review",
    year    = "1999",
    number  = 127,
    pages   = {2204-2210},
    doi     = {10.1175/1520-0493(1999)127<2204:FASOCR>2.0.CO;2}
}

@article{hedstrom2018,
  author  = {Hedström, K. S.},
  journal = {OCS Study BOEM 2016-037},
  title   = {Technical Manual for a Coupled Sea-Ice/Ocean Circulation Model (Version 5)},
  url     = {https://www.boem.gov/uploadedFiles/BOEM/BOEM_Newsroom/Library/Publications/BOEM_2016-037.pdf},
  year    = 2018,
}



@article{Hunke1997,
  author = {Hunke, E. C. and Dukowicz, J. K.},
  journal = {Journal of Physical Oceanography},
  title = {An elastic-viscous-plastic model for sea ice dynamics},
  year = 1997,
  volume  = 27,
  pages   = {1849-1868}
}

@article{Lemieux2015,
  author = {Lemieux, J. -F. and Tremblay, B. and Dupont, F. and Plante, M. and Smith, G. C. and Dumont, D.},
  journal = {Journal of Geophysical Research},
  title = {A basal stress parameterization for modeling landfast ice},
  year = 2015,
  volume  = 120,
  pages   = {3157-3179},
  doi = {10.1002/2014JC010678}
}

@article{Smolarkiewicz1990,
  author = {Smolarkiewicz, P. K. and Grabowski, W. W.},
  journal = {Journal of Comp. Phys.},
  title = {The multidimensional positive definite advection transport algorithm: non-oscillatory option},
  year = 1990,
  volume  = 86,
  pages   = {355-375},
}

@article{Hunke2001,
  author = {Hunke, E. C.},
  journal = {Journal of Computacional Physics},
  title = {Viscous-plastic sea ice dynamics with the evp model: linearization issues},
  year = 2001,
  volume  = 170,
  pages   = {18-38}
}

@article{Mellor1989,
  author = {Mellor, G. L. and Kanta, L.},
  journal = {An ice-ocean coupled model},
  title = {Journal of Geophysical Research},
  year = 1989,
  volume  = 94,
  number  = 10,
  pages   = {937-954}
}

@misc{duda2006,
  Author = {Duda, Michel},
  Institution = {National Center for Atmospheric Research},
  Howpublished = {2006 WRF-ARW Summer tutorial},
  Year = {2008},
  Title = {The WRF Preprocessing System}
}

@misc{Jones1998,
 author   = "Jones, P. W.",
 title     = " A User's Guide for SCRIP: A Spherical
Coordinate Remapping and Interpolation Package version 1.5",
 publisher = "Los Alamos National Laboratory",
 address   = {Los Alamos, NM},
 year      = "1998",
 url       = "http://oceans11.lanl.gov/svn/SCRIP/trunk/SCRIP/doc/SCRIPusers.pdf"
}

@misc{Saha2006,
 author   = "Suranjana {Saha} and Shrinivas {Moorthi} and Hua-Lu {Pan} and Xingren {Wu} and Jie {Wang} and Sudhir {Nadiga} and Patrick {Tripp} and Robert {Kistler} and John {Woollen} and David {Behringer} and Haixia {Liu} and Diane {Stokes} and Robert {Grumbine} and George {Gayno} and Jun {Wang} and Yu-Tai {Hou} and Hui-Ya {Chuang} and Hann-Ming H. {Juang} and Joe {Sela} and Mark {Iredell} and Russ {Treadon} and Daryl {Kleist} and Paul {Van Delst} and Dennis {Keyser} and John {Derber} and Michael {Ek} and Jesse {Meng} and Helin {Wei} and Rongqian {Yang} and Stephen {Lord} and Huug {van den Dool} and Arun {Kumar} and Wanqiu {Wang} and Craig {Long} and Muthuvel {Chelliah} and Yan {Xue} and Boyin {Huang} and Jae-Kyung {Schemm} and Wesley {Ebisuzaki} and Roger {Lin} and Pingping {Xie} and Mingyue {Chen} and Shuntai {Zhou} and Wayne {Higgins} and Cheng-Zhi {Zou} and Quanhua {Liu} and Yong {Chen} and Yong {Han} and Lidia {Cucurull} and Richard W. {Reynolds} and Glenn {Rutledge} and Mitch {Goldberg}",
 title     = "NCEP Climate Forecast System Reanalysis (CFSR) 6-hourly Products, January 1979 to December 2010",
 publisher = "Research Data Archive at the National Center for Atmospheric Research, Computational and Information Systems Laboratory",
 address   = {Boulder, CO},
 year      = "2010",
 url       = "https://doi.org/10.5065/D69K487J"
}

@software{Ncl2017,
  author = {{UCAR}},
  title = {The NCAR Command Language},
  url = {http://dx.doi.org/10.5065/D6WD3XH5},
  version = {6.4.0},
  date = {2017},
  adress = {Boulder, CO}
}

@article {Skamarock2008,
    author      = "Skamarock, W. C. and Klemp, J. B. and Dudhia, J. and Gill, D. O. and Barker, D. M. and Duda, M. G. and Huang, X.-Y. and Wang, W. and Powers, J. G.",
    title       = "A Description of the Advanced Research WRF Version 3.",
    institution = "National Center for Atmospheric Research",
    year        = "2008",
    type        = "NCAR Technical Note",
    number      = "NCAR TN-475+STR"
}


@ARTICLE {Warner2010,
    author  = "Warner, J. C. and Armstrong, B. and He, R. and Zambon, J. B.",
    title   = "Development of a Coupled Ocean–Atmosphere– Wave–Sediment Transport (COAWST) Modeling System",
    journal = "Ocean Modelling",
    year    = "2010",
    number  = 3,
    volume  = 35,
    pages   = {230-244},
    doi     = {10.1016/j.ocemod.2010.07.010}
}


@ARTICLE {Warner2008,
  author = {Warner, J. C. and Sherwood, C. R. and Signell, R. P. and Harris, C. K. and Arango, H. G.},
  doi = {10.1016/j.cageo.2008.02.012},
  journal = {Computers \& Geosciences},
  number = 10,
  pages = {1284-1306},
  title = {Development of a three-dimensional, regional, coupled wave, current, and sediment-transport model.},
  volume = 34,
  year = 2008
}

@ARTICLE {Miller2018,
  author = {Miller, A. J. and Collins, M. and Silvio, G. and Jensen, T. G. and Misra, V. and Pezzi, L. P. and Pierce, D. W. and Putrasahan, D. and Seo, H. and Tseng, Y.-H.},
  doi = {10.1357/002224017821836770},
  journal = {Journal of Marine Research},
  number = 3,
  pages = {361-402},
  title = {Coupled ocean-atmosphere modeling and predictions},
  volume = 42,
  year = 2018
}

@ARTICLE {Charnock1955,
    author  = "Charnock, H.",
    title   = "Wind stress on a water surface",
    journal = "Quarterly Journal of the Royal Meteorology Society",
    year    = "1955",
    number  = 350,
    volume  = 81,
    pages   = {639-640},
    doi     = {10.1002/qj.49708135027 }
}

@ONLINE {Warner2018,
    author = "Warner, J. C.",
    title  = "A Coupled-Ocean-Atmosphere-Wave- Sediment Transport Modeling System",
    month  = "apr",
    year   = "2018",
    url    = "https://woodshole.er.usgs.gov/operations/modeling/COAWST/"
}

@BOOK{Pullen2017,
  TITLE     = {The Science of Ocean Prediction, The Sea},
  AUTHOR    = {{Pullen}, J. and R. {Allard} and H. {Seo} and A. J. {Miller} and S. {Chen} and L.               P. {Pezzi} and T. {Smith} and P. {Chu} and J. {Alves} and R. {Caldeira}},
  YEAR      = {2017}, % I looked it up
  PUBLISHER = {P. Lermusiaux and K. Brink},
  chapter   = {Coupled ocean-atmosphere modeling and predictions}
}

@ARTICLE {Gouveia2017,
    author  = "{Gouveia}, M. B. and {Gherardi}, F. M. and {Lentini}, C. A. D. and {Dias}, D. F. and {Campos}, P. C.",
    title   = "Do the Brazilian sardine commercial landings respond to local ocean circulation?",
    journal = "PLOS One",
    year    = "2017",
    number  = 12,
    volume  = 5,
    pages   = {1-19},
    doi     = {10.1371/journal.pone.0176808}
}

@ARTICLE {Pullen2018,
    author  = "{Pullen}, J. and {Allard}, R. and {Seo}, H. and {Miller}, A. J. and {Chen}, S. and {Pezzi}, L. P. and {Smith}, T. and {Chu}, P. and {Alves}, J. and {Caldera}, R.",
    title   = "Coupled ocean-atmosphere forecasting at short and medium time scales",
    journal = "Journal of Marine Science",
    year    = "2018",
    volume  = 17,
    pages   = {1},
}

@ARTICLE {Mendonca2017,
    author  = "{Mendonça},L. F. and {Souza}, R. B. and {Pezzi}, L. P. and {Möller}, O. O. and {Alves}, R. C. M.",
    title   = "Regional modeling of the water masses and circulation annual variability at the Southern Brazilian Continental Shelf",
    journal = "Journal of Geophysical Research: Oceans",
    year    = "2017",
    number  = 122,
    pages   = {1232-1253},
    doi     = {10.1002/2016JC011780}
}

@ARTICLE {Dias2014,
    author  = "{Dias}, D. F. and {Pezzi}, L. P. and {Gherardi}, D. F. M. and {Camargo}, R.",
    title   = "Modeling the spawning strategies and larval survival of the Brazilian sardine (Sardinella brasiliensis)",
    journal = "Progress in Oceanography",
    year    = "2014",
    number  = 123,
    pages   = {38-53},
    doi     = {10.1016/j.pocean.2014.03.009}
}

@ARTICLE {Silveira2014,
    author  = "{Silveira}, I. P. and {Pezzi}, L. P.",
    title   = "Sea surface temperature anomalies driven by oceanic local forcing in the Brazil-Malvinas Confluence",
    journal = "Ocean Dynamics",
    year    = "2014",
    number  = 64,
    volume  = 347,
    pages   = {347-360},
    doi     = {10.1007/s10236-014-0699-4}
}

@ARTICLE {Parise2015,
    author  = "{Parise}, C. K. and {Pezzi}, L. P. and {Hodges}, K. I. and {Justino}, F.",
    title   = "The Influence of Sea Ice Dynamics on the Climate Sensitivity and Memory to Increased Antarctic Sea Ice",
    journal = "Journak of Climate",
    year    = "2014",
    volume  = 28,
    pages   = {9642-9668},
    doi     = {10.1175/JCLI-D-14-00748.1}
}
